%% start of file `publications.bib'.
%% Copyright 2006-2012 Xavier Danaux (xdanaux at gmail.com).
%
% This work may be distributed and/or modified under the
% conditions of the LaTeX Project Public License version 1.3c,
% available at http://www.latex-project.org/lppl/.


% ArXiv
@article{dussap2023label,
  title={Label Shift Quantification with Robustness Guarantees via Distribution Feature Matching},
  author={Dussap, Bastien and Blanchard, Gilles and Ch{\'e}rief-Abdellatif, Badr-Eddine},
  journal={arXiv preprint arXiv:2306.04376},
  year={2023}
}



%% end of file `publications.bib'.
